<record><leader>00000cas a2200000 a 4500</leader><controlfield tag="001">42339100</controlfield><controlfield tag="007">hd afb020bucu</controlfield><controlfield tag="007">hd bfb020bubu</controlfield><controlfield tag="008">820915d18691871wausr nea     0   a0eng c</controlfield><datafield ind1=" " ind2=" " tag="010"><subfield code="a">  2009252755</subfield></datafield><datafield ind1=" " ind2=" " tag="040"><subfield code="a">Wa</subfield><subfield code="b">eng</subfield><subfield code="c">WRJ</subfield><subfield code="d">OCL</subfield><subfield code="d">WAU</subfield><subfield code="d">OCLCQ</subfield><subfield code="d">OCLCF</subfield></datafield><datafield ind1=" " ind2=" " tag="042"><subfield code="a">pcc</subfield></datafield><datafield ind1=" " ind2=" " tag="043"><subfield code="a">n-us-wa</subfield><subfield code="a">n-us-ak</subfield></datafield><datafield ind1="0" ind2=" " tag="082"><subfield code="a">071.9777</subfield><subfield code="2">19</subfield></datafield><datafield ind1="0" ind2=" " tag="130"><subfield code="a">Alaska times (Sitka, Alaska)</subfield></datafield><datafield ind1="1" ind2="4" tag="245"><subfield code="a">The Alaska times</subfield><subfield code="h">[microform].</subfield></datafield><datafield ind1=" " ind2=" " tag="260"><subfield code="a">Sitka, Alaska :</subfield><subfield code="b">T.G. Murphy,</subfield><subfield code="c">1869-1871.</subfield></datafield><datafield ind1=" " ind2=" " tag="300"><subfield code="a">v.</subfield></datafield><datafield ind1=" " ind2=" " tag="310"><subfield code="a">Semimonthly,</subfield><subfield code="b">&lt;Sept. 23, 1870&gt;-May 14, 1871</subfield></datafield><datafield ind1=" " ind2=" " tag="321"><subfield code="a">Weekly,</subfield><subfield code="b">Apr. 23, 1869-&lt;July 23, 1870&gt;</subfield></datafield><datafield ind1="0" ind2=" " tag="362"><subfield code="a">Vol. 1, no. 1 (Apr. 23, 1869)-v. 4, no. 23 (May 14, 1871).</subfield></datafield><datafield ind1=" " ind2=" " tag="500"><subfield code="a">Place of publication varies: Sitka, Alaska, 1869-&lt;July 23, 1870&gt;; Seattle, Wash., &lt;Oct. 23, 1870&gt;-1871.</subfield></datafield><datafield ind1=" " ind2=" " tag="515"><subfield code="a">Volumes for &lt;Apr. 30, 1870-May 14, 1871&gt; called also whole no. &lt;53-99&gt;</subfield></datafield><datafield ind1=" " ind2=" " tag="533"><subfield code="a">Microfilm.</subfield><subfield code="b">[Seattle, Wash.] :</subfield><subfield code="c">University of Washington Library.</subfield><subfield code="e">2 microfilm reels ; 35 mm.</subfield><subfield code="n">Filmed with other titles.</subfield></datafield><datafield ind1=" " ind2="0" tag="651"><subfield code="a">Sitka (Alaska)</subfield><subfield code="v">Newspapers.</subfield></datafield><datafield ind1=" " ind2="0" tag="651"><subfield code="a">Seattle (Wash.)</subfield><subfield code="v">Newspapers.</subfield></datafield><datafield ind1=" " ind2="7" tag="655"><subfield code="a">Newspapers.</subfield><subfield code="2">fast</subfield><subfield code="0">(OCoLC)fst01423814</subfield></datafield><datafield ind1=" " ind2="7" tag="651"><subfield code="a">Alaska</subfield><subfield code="z">Sitka.</subfield><subfield code="2">fast</subfield><subfield code="0">(OCoLC)fst01218734</subfield></datafield><datafield ind1=" " ind2="7" tag="651"><subfield code="a">Washington (State)</subfield><subfield code="z">Seattle.</subfield><subfield code="2">fast</subfield><subfield code="0">(OCoLC)fst01204940</subfield></datafield><datafield ind1=" " ind2=" " tag="752"><subfield code="a">United States</subfield><subfield code="b">Washington</subfield><subfield code="c">King</subfield><subfield code="d">Seattle.</subfield></datafield><datafield ind1=" " ind2=" " tag="752"><subfield code="a">United States</subfield><subfield code="b">Alaska</subfield><subfield code="d">Sitka.</subfield></datafield><datafield ind1="0" ind2="0" tag="780"><subfield code="t">Sitka times</subfield></datafield><datafield ind1="0" ind2="0" tag="785"><subfield code="t">Territorial dispatch, and Alaska times</subfield></datafield></record>